@misc{15ForcedOscillations,
  title = {15.6 {{Forced Oscillations}} {\textbar} {{University Physics Volume}} 1},
  urldate = {2023-12-14},
  howpublished = {https://courses.lumenlearning.com/suny-osuniversityphysics/chapter/15-6-forced-oscillations/}
}

@misc{chasnov10SimplePendulum2022,
  title = {10: {{The Simple Pendulum}}},
  shorttitle = {10},
  author = {Chasnov, Jeffrey},
  year = {2022},
  month = jan,
  journal = {Mathematics LibreTexts},
  urldate = {2024-01-15},
  howpublished = {https://math.libretexts.org/Bookshelves/Scientific\_Computing\_Simulations\_and\_Modeling/Scientific\_Computing\_(Chasnov)/II\%3A\_Dynamical\_Systems\_and\_Chaos/10\%3A\_The\_Simple\_Pendulum},
  langid = {english},
  file = {C:\Users\raps4\Zotero\storage\HI3A43IC\10_The_Simple_Pendulum.html}
}

@misc{chasnov11DampedDriven2022,
  title = {11: {{The Damped}}, {{Driven Pendulum}}},
  shorttitle = {11},
  author = {Chasnov, Jeffrey},
  year = {2022},
  month = jan,
  journal = {Mathematics LibreTexts},
  urldate = {2024-01-15},
  howpublished = {https://math.libretexts.org/Bookshelves/Scientific\_Computing\_Simulations\_and\_Modeling/Scientific\_Computing\_(Chasnov)/II\%3A\_Dynamical\_Systems\_and\_Chaos/11\%3A\_The\_Damped\%2C\_Driven\_Pendulum},
  langid = {english},
  file = {C:\Users\raps4\Zotero\storage\NXMNBGYE\11_The_Damped,_Driven_Pendulum.html}
}

@misc{gibbsResonance2013,
  title = {Resonance},
  author = {Gibbs, Keith},
  year = {2013},
  urldate = {2023-12-13},
  howpublished = {https://www.schoolphysics.co.uk/age16-19/Mechanics/Simple\%20harmonic\%20motion/text/Resonance\_/index.html},
  file = {C:\Users\raps4\Zotero\storage\EAJK7AA8\index.html}
}
